@article{bonneau2015passwords,
  title     = {Passwords and the evolution of imperfect authentication},
  author    = {Bonneau, Joseph and Herley, Cormac and Van Oorschot, Paul C and Stajano, Frank},
  journal   = {Communications of the ACM},
  volume    = {58},
  number    = {7},
  pages     = {78--87},
  year      = {2015},
  publisher = {ACM New York, NY, USA}
}

@inproceedings{wang2016targeted,
  title     = {Targeted online password guessing: An underestimated threat},
  author    = {Wang, Ding and Zhang, Zijian and Wang, Ping and Yan, Jeff and Huang, Xinyi},
  booktitle = {Proceedings of the 2016 ACM SIGSAC conference on computer and communications security},
  pages     = {1242--1254},
  year      = {2016}
}

@article{wang2017zipf,
  title     = {Zipfâ€™s law in passwords},
  author    = {Wang, Ding and Cheng, Haibo and Wang, Ping and Huang, Xinyi and Jian, Gaopeng},
  journal   = {IEEE Transactions on Information Forensics and Security},
  volume    = {12},
  number    = {11},
  pages     = {2776--2791},
  year      = {2017},
  publisher = {IEEE}
}

@inproceedings{197316,
  author    = {Rick Wash and Emilee Rader and Ruthie Berman and Zac Wellmer},
  title     = {Understanding Password Choices: How Frequently Entered Passwords Are Re-used across Websites},
  booktitle = {Twelfth Symposium on Usable Privacy and Security ({SOUPS} 2016)},
  year      = {2016},
  isbn      = {978-1-931971-31-7},
  address   = {Denver, CO},
  pages     = {175--188},
  url       = {https://www.usenix.org/conference/soups2016/technical-sessions/presentation/wash},
  publisher = {{USENIX} Association},
  month     = jun
}