@article{zhao2020hardware,
  title     = {Is Hardware More Secure Than Software?},
  author    = {Zhao, Lianying and Lie, David},
  journal   = {IEEE Security \& Privacy},
  volume    = {18},
  number    = {5},
  pages     = {8--17},
  year      = {2020},
  publisher = {IEEE}
}

@article{bar2002security,
  title   = {Security implications of hardware vs. software cryptographic modules},
  author  = {Bar-El, Hagai},
  journal = {Discretix White Paper},
  year    = {2002}
}

@incollection{healy2008analysis,
  title     = {Analysis of hardware encryption versus software encryption on wireless sensor network motes},
  author    = {Healy, Michael and Newe, Thomas and Lewis, Elfed},
  booktitle = {Smart Sensors and Sensing Technology},
  pages     = {3--14},
  year      = {2008},
  publisher = {Springer}
}

@article{dhem2001hardware,
  title     = {Hardware and software symbiosis helps smart card evolution},
  author    = {Dhem, Jean-Francois and Feyt, Nathalie},
  journal   = {IEEE Micro},
  volume    = {21},
  number    = {6},
  pages     = {14--25},
  year      = {2001},
  publisher = {Citeseer}
}