@article{布什2004科学,
  title={科学: 没有止境的前沿},
  author={布什 and others},
  journal={译. 北京: 商务印书馆},
  year={2004}
}

@article{苏开源2005一份扭转乾坤的科学报告,
  title={一份扭转乾坤的科学报告——《 科学——没有止境的前沿》 60 年述评},
  author={苏开源},
  journal={世界科学},
  number={8},
  pages={41--42},
  year={2005}
}

@article{李勇2008v,
  title={V. 布什报告与美国战后科学研究信念的建构——从科学研究信念史的视角解读《 科学: 没有止境的前沿》},
  author={李勇},
  journal={自然辩证法研究},
  volume={24},
  number={3},
  pages={79--83},
  year={2008}
}